<record><leader>00000cas a2200000 a 4500</leader><controlfield tag="001">7639202</controlfield><controlfield tag="008">810804d19041919scuwr ne      0    0eng c</controlfield><datafield ind1=" " ind2=" " tag="010"><subfield code="a">sn 93060374 </subfield></datafield><datafield ind1=" " ind2=" " tag="040"><subfield code="a">BTI</subfield><subfield code="b">eng</subfield><subfield code="c">BTI</subfield><subfield code="d">MQN</subfield><subfield code="d">ATL</subfield><subfield code="d">OCL</subfield><subfield code="d">OCLCQ</subfield><subfield code="d">OCLCF</subfield><subfield code="d">OCLCO</subfield></datafield><datafield ind1=" " ind2=" " tag="019"><subfield code="a">7730416</subfield></datafield><datafield ind1="1" ind2=" " tag="029"><subfield code="a">AU@</subfield><subfield code="b">000021573818</subfield></datafield><datafield ind1=" " ind2=" " tag="042"><subfield code="a">pcc</subfield></datafield><datafield ind1=" " ind2=" " tag="043"><subfield code="a">n-us-sc</subfield><subfield code="a">n-us---</subfield></datafield><datafield ind1=" " ind2="4" tag="050"><subfield code="a">BX8001</subfield></datafield><datafield ind1="0" ind2="0" tag="245"><subfield code="a">Lutheran church visitor.</subfield></datafield><datafield ind1=" " ind2=" " tag="260"><subfield code="a">[Columbia, S.C.] :</subfield><subfield code="b">United Synod Pub. Co.,</subfield><subfield code="c">1904-1919.</subfield></datafield><datafield ind1=" " ind2=" " tag="300"><subfield code="a">15 v.</subfield></datafield><datafield ind1=" " ind2=" " tag="310"><subfield code="a">Weekly</subfield></datafield><datafield ind1="0" ind2=" " tag="362"><subfield code="a">Vol. 1, no. 1 (Sept. 15, 1904)-v. 15 no. 26 (Apr. 24, 1919).</subfield></datafield><datafield ind1=" " ind2=" " tag="530"><subfield code="a">Also issued on microfilm by American Theological Library Association.</subfield></datafield><datafield ind1=" " ind2=" " tag="550"><subfield code="a">Official organ of: the United Synod of the Evangelical Lutheran Church in the South.</subfield></datafield><datafield ind1=" " ind2=" " tag="580"><subfield code="a">Formed by the union of: Lutheran visitor (Columbia, S.C.), and: Our church paper.</subfield></datafield><datafield ind1=" " ind2=" " tag="580"><subfield code="a">Merged with: Lutheran church work and observer, and: Lutheran (Philadelphia, Pa. : 1896), to form: Lutheran (Philadelphia, Pa. : 1919).</subfield></datafield><datafield ind1=" " ind2="0" tag="650"><subfield code="a">Lutheran Church</subfield><subfield code="v">Newspapers.</subfield></datafield><datafield ind1=" " ind2="7" tag="655"><subfield code="a">Newspapers.</subfield><subfield code="2">fast</subfield><subfield code="0">(OCoLC)fst01423814</subfield></datafield><datafield ind1=" " ind2="7" tag="650"><subfield code="a">Lutheran Church.</subfield><subfield code="2">fast</subfield><subfield code="0">(OCoLC)fst01003996</subfield></datafield><datafield ind1="2" ind2=" " tag="710"><subfield code="a">United Synod of the Evangelical Lutheran Church in the South.</subfield></datafield><datafield ind1=" " ind2=" " tag="752"><subfield code="a">United States</subfield><subfield code="b">South Carolina</subfield><subfield code="c">Richland</subfield><subfield code="d">Columbia.</subfield></datafield><datafield ind1="1" ind2=" " tag="776"><subfield code="c">Microfilm</subfield><subfield code="d">American Theological Library Association</subfield><subfield code="w">(DLC)   00221401</subfield><subfield code="w">(OCoLC)43968076</subfield></datafield><datafield ind1="1" ind2="4" tag="780"><subfield code="t">Lutheran visitor (Columbia, S.C.)</subfield><subfield code="w">(DLC)sn 93060372</subfield><subfield code="w">(OCoLC)7639232</subfield></datafield><datafield ind1="1" ind2="4" tag="780"><subfield code="t">Our church paper</subfield><subfield code="w">(DLC)sn 93060373</subfield><subfield code="w">(OCoLC)22688221</subfield></datafield><datafield ind1="1" ind2="7" tag="785"><subfield code="t">Lutheran church work and observer</subfield><subfield code="w">(DLC)sn 93060363</subfield><subfield code="w">(OCoLC)1713881</subfield></datafield><datafield ind1="1" ind2="7" tag="785"><subfield code="t">Lutheran (Philadelphia, Pa. : 1896)</subfield><subfield code="w">(DLC)   00221346</subfield><subfield code="w">(OCoLC)1590056</subfield></datafield><datafield ind1="1" ind2="7" tag="785"><subfield code="t">Lutheran (Philadelphia, Pa. : 1919)</subfield><subfield code="w">(DLC)   21003015</subfield><subfield code="w">(OCoLC)1605828</subfield></datafield></record>